%YAML 1.1
%TAG !u! tag:unity3d.com,2011:
--- !u!1001 &3646973997154430713
PrefabInstance:
  m_ObjectHideFlags: 0
  serializedVersion: 2
  m_Modification:
    m_TransformParent: {fileID: 7018244957520789612}
    m_Modifications:
    - target: {fileID: 100000, guid: ac8523532c847ad4aad73dd00f27bb65, type: 3}
      propertyPath: m_Name
      value: Leri7_Aviao
      objectReference: {fileID: 0}
    - target: {fileID: 400000, guid: ac8523532c847ad4aad73dd00f27bb65, type: 3}
      propertyPath: m_LocalPosition.x
      value: 0.17
      objectReference: {fileID: 0}
    - target: {fileID: 400000, guid: ac8523532c847ad4aad73dd00f27bb65, type: 3}
      propertyPath: m_LocalPosition.y
      value: 1.23
      objectReference: {fileID: 0}
    - target: {fileID: 400000, guid: ac8523532c847ad4aad73dd00f27bb65, type: 3}
      propertyPath: m_LocalPosition.z
      value: 3.91
      objectReference: {fileID: 0}
    - target: {fileID: 400000, guid: ac8523532c847ad4aad73dd00f27bb65, type: 3}
      propertyPath: m_LocalRotation.x
      value: -0.5
      objectReference: {fileID: 0}
    - target: {fileID: 400000, guid: ac8523532c847ad4aad73dd00f27bb65, type: 3}
      propertyPath: m_LocalRotation.y
      value: -0.5
      objectReference: {fileID: 0}
    - target: {fileID: 400000, guid: ac8523532c847ad4aad73dd00f27bb65, type: 3}
      propertyPath: m_LocalRotation.z
      value: -0.5
      objectReference: {fileID: 0}
    - target: {fileID: 400000, guid: ac8523532c847ad4aad73dd00f27bb65, type: 3}
      propertyPath: m_LocalRotation.w
      value: 0.5
      objectReference: {fileID: 0}
    - target: {fileID: 400000, guid: ac8523532c847ad4aad73dd00f27bb65, type: 3}
      propertyPath: m_RootOrder
      value: 2
      objectReference: {fileID: 0}
    - target: {fileID: 400000, guid: ac8523532c847ad4aad73dd00f27bb65, type: 3}
      propertyPath: m_LocalEulerAnglesHint.x
      value: -90
      objectReference: {fileID: 0}
    - target: {fileID: 400000, guid: ac8523532c847ad4aad73dd00f27bb65, type: 3}
      propertyPath: m_LocalEulerAnglesHint.y
      value: -90
      objectReference: {fileID: 0}
    - target: {fileID: 400000, guid: ac8523532c847ad4aad73dd00f27bb65, type: 3}
      propertyPath: m_LocalEulerAnglesHint.z
      value: 0
      objectReference: {fileID: 0}
    - target: {fileID: 400000, guid: ac8523532c847ad4aad73dd00f27bb65, type: 3}
      propertyPath: m_LocalScale.x
      value: 1600
      objectReference: {fileID: 0}
    - target: {fileID: 400000, guid: ac8523532c847ad4aad73dd00f27bb65, type: 3}
      propertyPath: m_LocalScale.y
      value: 1600
      objectReference: {fileID: 0}
    - target: {fileID: 400000, guid: ac8523532c847ad4aad73dd00f27bb65, type: 3}
      propertyPath: m_LocalScale.z
      value: 1600
      objectReference: {fileID: 0}
    - target: {fileID: 2300000, guid: ac8523532c847ad4aad73dd00f27bb65, type: 3}
      propertyPath: m_Materials.Array.data[1]
      value: 
      objectReference: {fileID: 2100000, guid: dfb2dbf8c781a9443ba588246c7084a1, type: 2}
    - target: {fileID: 2300000, guid: ac8523532c847ad4aad73dd00f27bb65, type: 3}
      propertyPath: m_Materials.Array.data[0]
      value: 
      objectReference: {fileID: 2100000, guid: b9df6d6fe95378d4fa01e812ef3131d8, type: 2}
    m_RemovedComponents: []
  m_SourcePrefab: {fileID: 100100000, guid: ac8523532c847ad4aad73dd00f27bb65, type: 3}
--- !u!1001 &4066003351968739239
PrefabInstance:
  m_ObjectHideFlags: 0
  serializedVersion: 2
  m_Modification:
    m_TransformParent: {fileID: 7018244957520789612}
    m_Modifications:
    - target: {fileID: 100000, guid: bd7d0017c61b7ea4a9219bfe80dcc4df, type: 3}
      propertyPath: m_Name
      value: Machine_gun_2
      objectReference: {fileID: 0}
    - target: {fileID: 400000, guid: bd7d0017c61b7ea4a9219bfe80dcc4df, type: 3}
      propertyPath: m_LocalPosition.x
      value: 0
      objectReference: {fileID: 0}
    - target: {fileID: 400000, guid: bd7d0017c61b7ea4a9219bfe80dcc4df, type: 3}
      propertyPath: m_LocalPosition.y
      value: 4.66
      objectReference: {fileID: 0}
    - target: {fileID: 400000, guid: bd7d0017c61b7ea4a9219bfe80dcc4df, type: 3}
      propertyPath: m_LocalPosition.z
      value: 5.38
      objectReference: {fileID: 0}
    - target: {fileID: 400000, guid: bd7d0017c61b7ea4a9219bfe80dcc4df, type: 3}
      propertyPath: m_LocalRotation.x
      value: -0.49991274
      objectReference: {fileID: 0}
    - target: {fileID: 400000, guid: bd7d0017c61b7ea4a9219bfe80dcc4df, type: 3}
      propertyPath: m_LocalRotation.y
      value: -0.50008726
      objectReference: {fileID: 0}
    - target: {fileID: 400000, guid: bd7d0017c61b7ea4a9219bfe80dcc4df, type: 3}
      propertyPath: m_LocalRotation.z
      value: -0.49991274
      objectReference: {fileID: 0}
    - target: {fileID: 400000, guid: bd7d0017c61b7ea4a9219bfe80dcc4df, type: 3}
      propertyPath: m_LocalRotation.w
      value: 0.50008726
      objectReference: {fileID: 0}
    - target: {fileID: 400000, guid: bd7d0017c61b7ea4a9219bfe80dcc4df, type: 3}
      propertyPath: m_RootOrder
      value: 3
      objectReference: {fileID: 0}
    - target: {fileID: 400000, guid: bd7d0017c61b7ea4a9219bfe80dcc4df, type: 3}
      propertyPath: m_LocalEulerAnglesHint.x
      value: -89.98
      objectReference: {fileID: 0}
    - target: {fileID: 400000, guid: bd7d0017c61b7ea4a9219bfe80dcc4df, type: 3}
      propertyPath: m_LocalEulerAnglesHint.y
      value: -90
      objectReference: {fileID: 0}
    - target: {fileID: 400000, guid: bd7d0017c61b7ea4a9219bfe80dcc4df, type: 3}
      propertyPath: m_LocalEulerAnglesHint.z
      value: 0
      objectReference: {fileID: 0}
    - target: {fileID: 400000, guid: bd7d0017c61b7ea4a9219bfe80dcc4df, type: 3}
      propertyPath: m_LocalScale.x
      value: 300
      objectReference: {fileID: 0}
    - target: {fileID: 400000, guid: bd7d0017c61b7ea4a9219bfe80dcc4df, type: 3}
      propertyPath: m_LocalScale.y
      value: 300
      objectReference: {fileID: 0}
    - target: {fileID: 400000, guid: bd7d0017c61b7ea4a9219bfe80dcc4df, type: 3}
      propertyPath: m_LocalScale.z
      value: 300
      objectReference: {fileID: 0}
    - target: {fileID: 2300000, guid: bd7d0017c61b7ea4a9219bfe80dcc4df, type: 3}
      propertyPath: m_Materials.Array.data[0]
      value: 
      objectReference: {fileID: 2100000, guid: add5f874ed677f24c9808a15cda6fe20, type: 2}
    m_RemovedComponents: []
  m_SourcePrefab: {fileID: 100100000, guid: bd7d0017c61b7ea4a9219bfe80dcc4df, type: 3}
--- !u!1001 &7022600573187910150
PrefabInstance:
  m_ObjectHideFlags: 0
  serializedVersion: 2
  m_Modification:
    m_TransformParent: {fileID: 0}
    m_Modifications:
    - target: {fileID: 1300943053691268, guid: cc42d52bf01cb714dbd09d33d481c6a7, type: 3}
      propertyPath: m_Name
      value: AircraftJet01
      objectReference: {fileID: 0}
    - target: {fileID: 4821074810418772, guid: cc42d52bf01cb714dbd09d33d481c6a7, type: 3}
      propertyPath: m_LocalPosition.x
      value: -1261
      objectReference: {fileID: 0}
    - target: {fileID: 4821074810418772, guid: cc42d52bf01cb714dbd09d33d481c6a7, type: 3}
      propertyPath: m_LocalPosition.y
      value: 1792
      objectReference: {fileID: 0}
    - target: {fileID: 4821074810418772, guid: cc42d52bf01cb714dbd09d33d481c6a7, type: 3}
      propertyPath: m_LocalPosition.z
      value: -141
      objectReference: {fileID: 0}
    - target: {fileID: 4821074810418772, guid: cc42d52bf01cb714dbd09d33d481c6a7, type: 3}
      propertyPath: m_LocalRotation.x
      value: 0
      objectReference: {fileID: 0}
    - target: {fileID: 4821074810418772, guid: cc42d52bf01cb714dbd09d33d481c6a7, type: 3}
      propertyPath: m_LocalRotation.y
      value: 0.46635577
      objectReference: {fileID: 0}
    - target: {fileID: 4821074810418772, guid: cc42d52bf01cb714dbd09d33d481c6a7, type: 3}
      propertyPath: m_LocalRotation.z
      value: 0
      objectReference: {fileID: 0}
    - target: {fileID: 4821074810418772, guid: cc42d52bf01cb714dbd09d33d481c6a7, type: 3}
      propertyPath: m_LocalRotation.w
      value: 0.88459724
      objectReference: {fileID: 0}
    - target: {fileID: 4821074810418772, guid: cc42d52bf01cb714dbd09d33d481c6a7, type: 3}
      propertyPath: m_RootOrder
      value: 0
      objectReference: {fileID: 0}
    - target: {fileID: 4821074810418772, guid: cc42d52bf01cb714dbd09d33d481c6a7, type: 3}
      propertyPath: m_LocalEulerAnglesHint.x
      value: 0
      objectReference: {fileID: 0}
    - target: {fileID: 4821074810418772, guid: cc42d52bf01cb714dbd09d33d481c6a7, type: 3}
      propertyPath: m_LocalEulerAnglesHint.y
      value: 55.596004
      objectReference: {fileID: 0}
    - target: {fileID: 4821074810418772, guid: cc42d52bf01cb714dbd09d33d481c6a7, type: 3}
      propertyPath: m_LocalEulerAnglesHint.z
      value: 0
      objectReference: {fileID: 0}
    - target: {fileID: 114495134184346850, guid: cc42d52bf01cb714dbd09d33d481c6a7,
        type: 3}
      propertyPath: rocketLauncherObject
      value: 
      objectReference: {fileID: 7021303712474964218}
    - target: {fileID: 114495134184346850, guid: cc42d52bf01cb714dbd09d33d481c6a7,
        type: 3}
      propertyPath: smokeLauncherObject
      value: 
      objectReference: {fileID: 7021384047674414866}
    - target: {fileID: 114495134184346850, guid: cc42d52bf01cb714dbd09d33d481c6a7,
        type: 3}
      propertyPath: muzzleFlash
      value: 
      objectReference: {fileID: 7184657107326017582}
    - target: {fileID: 114495134184346850, guid: cc42d52bf01cb714dbd09d33d481c6a7,
        type: 3}
      propertyPath: bulletsText
      value: 
      objectReference: {fileID: 0}
    - target: {fileID: 114495134184346850, guid: cc42d52bf01cb714dbd09d33d481c6a7,
        type: 3}
      propertyPath: rocketText
      value: 
      objectReference: {fileID: 0}
    - target: {fileID: 114495134184346850, guid: cc42d52bf01cb714dbd09d33d481c6a7,
        type: 3}
      propertyPath: smokeBar
      value: 
      objectReference: {fileID: 0}
    - target: {fileID: 114495134184346850, guid: cc42d52bf01cb714dbd09d33d481c6a7,
        type: 3}
      propertyPath: lifeBar
      value: 
      objectReference: {fileID: 0}
    - target: {fileID: 114495134184346850, guid: cc42d52bf01cb714dbd09d33d481c6a7,
        type: 3}
      propertyPath: lifeIcons.Array.data[0]
      value: 
      objectReference: {fileID: 0}
    - target: {fileID: 114495134184346850, guid: cc42d52bf01cb714dbd09d33d481c6a7,
        type: 3}
      propertyPath: lifeIcons.Array.data[1]
      value: 
      objectReference: {fileID: 0}
    - target: {fileID: 114495134184346850, guid: cc42d52bf01cb714dbd09d33d481c6a7,
        type: 3}
      propertyPath: lifeIcons.Array.data[2]
      value: 
      objectReference: {fileID: 0}
    - target: {fileID: 114495134184346850, guid: cc42d52bf01cb714dbd09d33d481c6a7,
        type: 3}
      propertyPath: camera
      value: 
      objectReference: {fileID: 0}
    - target: {fileID: 114495134184346850, guid: cc42d52bf01cb714dbd09d33d481c6a7,
        type: 3}
      propertyPath: rearCameraPivot
      value: 
      objectReference: {fileID: 0}
    - target: {fileID: 114495134184346850, guid: cc42d52bf01cb714dbd09d33d481c6a7,
        type: 3}
      propertyPath: colliders
      value: 
      objectReference: {fileID: 7022131848180899372}
    - target: {fileID: 114495134184346850, guid: cc42d52bf01cb714dbd09d33d481c6a7,
        type: 3}
      propertyPath: fuselage
      value: 
      objectReference: {fileID: 7021395361082839450}
    - target: {fileID: 114495134184346850, guid: cc42d52bf01cb714dbd09d33d481c6a7,
        type: 3}
      propertyPath: spawnBox
      value: 
      objectReference: {fileID: 0}
    m_RemovedComponents: []
  m_SourcePrefab: {fileID: 100100000, guid: cc42d52bf01cb714dbd09d33d481c6a7, type: 3}
--- !u!1 &7021303712474964218 stripped
GameObject:
  m_CorrespondingSourceObject: {fileID: 1658635811965692, guid: cc42d52bf01cb714dbd09d33d481c6a7,
    type: 3}
  m_PrefabInstance: {fileID: 7022600573187910150}
  m_PrefabAsset: {fileID: 0}
--- !u!1 &7021384047674414866 stripped
GameObject:
  m_CorrespondingSourceObject: {fileID: 1615821414317332, guid: cc42d52bf01cb714dbd09d33d481c6a7,
    type: 3}
  m_PrefabInstance: {fileID: 7022600573187910150}
  m_PrefabAsset: {fileID: 0}
--- !u!1 &7022131848180899372 stripped
GameObject:
  m_CorrespondingSourceObject: {fileID: 1923825853166634, guid: cc42d52bf01cb714dbd09d33d481c6a7,
    type: 3}
  m_PrefabInstance: {fileID: 7022600573187910150}
  m_PrefabAsset: {fileID: 0}
--- !u!198 &7184657107326017582 stripped
ParticleSystem:
  m_CorrespondingSourceObject: {fileID: 198243669566212648, guid: cc42d52bf01cb714dbd09d33d481c6a7,
    type: 3}
  m_PrefabInstance: {fileID: 7022600573187910150}
  m_PrefabAsset: {fileID: 0}
--- !u!1 &7021395361082839450 stripped
GameObject:
  m_CorrespondingSourceObject: {fileID: 1209337443449756, guid: cc42d52bf01cb714dbd09d33d481c6a7,
    type: 3}
  m_PrefabInstance: {fileID: 7022600573187910150}
  m_PrefabAsset: {fileID: 0}
--- !u!4 &7018244957520789612 stripped
Transform:
  m_CorrespondingSourceObject: {fileID: 4673582955620970, guid: cc42d52bf01cb714dbd09d33d481c6a7,
    type: 3}
  m_PrefabInstance: {fileID: 7022600573187910150}
  m_PrefabAsset: {fileID: 0}
