%YAML 1.1
%TAG !u! tag:unity3d.com,2011:
--- !u!1001 &100100000
Prefab:
  m_ObjectHideFlags: 1
  serializedVersion: 2
  m_Modification:
    m_TransformParent: {fileID: 0}
    m_Modifications: []
    m_RemovedComponents: []
  m_SourcePrefab: {fileID: 0}
  m_RootGameObject: {fileID: 1396368438814512}
  m_IsPrefabAsset: 1
--- !u!1 &1157187175103710
GameObject:
  m_ObjectHideFlags: 0
  m_CorrespondingSourceObject: {fileID: 0}
  m_PrefabInternal: {fileID: 100100000}
  serializedVersion: 6
  m_Component:
  - component: {fileID: 4374546374283960}
  - component: {fileID: 33127494053424866}
  - component: {fileID: 23763526317679548}
  m_Layer: 2
  m_Name: TripleRocketItem (1)
  m_TagString: TripleRocketItem
  m_Icon: {fileID: 0}
  m_NavMeshLayer: 0
  m_StaticEditorFlags: 0
  m_IsActive: 1
--- !u!1 &1310677888044270
GameObject:
  m_ObjectHideFlags: 0
  m_CorrespondingSourceObject: {fileID: 0}
  m_PrefabInternal: {fileID: 100100000}
  serializedVersion: 6
  m_Component:
  - component: {fileID: 4268526109497128}
  - component: {fileID: 33389542389236446}
  - component: {fileID: 23157532710692398}
  m_Layer: 2
  m_Name: TripleRocketItem (2)
  m_TagString: TripleRocketItem
  m_Icon: {fileID: 0}
  m_NavMeshLayer: 0
  m_StaticEditorFlags: 0
  m_IsActive: 1
--- !u!1 &1396368438814512
GameObject:
  m_ObjectHideFlags: 0
  m_CorrespondingSourceObject: {fileID: 0}
  m_PrefabInternal: {fileID: 100100000}
  serializedVersion: 6
  m_Component:
  - component: {fileID: 4775093115113028}
  - component: {fileID: 114180495033724104}
  - component: {fileID: 65149221819739674}
  m_Layer: 0
  m_Name: TripleRocketItem
  m_TagString: TripleRocketItem
  m_Icon: {fileID: 0}
  m_NavMeshLayer: 0
  m_StaticEditorFlags: 0
  m_IsActive: 1
--- !u!1 &1435238101177150
GameObject:
  m_ObjectHideFlags: 0
  m_CorrespondingSourceObject: {fileID: 0}
  m_PrefabInternal: {fileID: 100100000}
  serializedVersion: 6
  m_Component:
  - component: {fileID: 4157244543502082}
  - component: {fileID: 33833010832566062}
  - component: {fileID: 23699425926879224}
  m_Layer: 2
  m_Name: TripleRocketItem
  m_TagString: TripleRocketItem
  m_Icon: {fileID: 0}
  m_NavMeshLayer: 0
  m_StaticEditorFlags: 0
  m_IsActive: 1
--- !u!4 &4157244543502082
Transform:
  m_ObjectHideFlags: 1
  m_CorrespondingSourceObject: {fileID: 0}
  m_PrefabInternal: {fileID: 100100000}
  m_GameObject: {fileID: 1435238101177150}
  m_LocalRotation: {x: -0.17724162, y: -0, z: -0, w: 0.9841674}
  m_LocalPosition: {x: -0.00211, y: 0, z: -0.00188}
  m_LocalScale: {x: 0.74695504, y: 0.74695504, z: 0.74695504}
  m_Children: []
  m_Father: {fileID: 4775093115113028}
  m_RootOrder: 0
  m_LocalEulerAnglesHint: {x: -20.418001, y: 0, z: 0}
--- !u!4 &4268526109497128
Transform:
  m_ObjectHideFlags: 1
  m_CorrespondingSourceObject: {fileID: 0}
  m_PrefabInternal: {fileID: 100100000}
  m_GameObject: {fileID: 1310677888044270}
  m_LocalRotation: {x: -0.17724162, y: -0, z: -0, w: 0.9841674}
  m_LocalPosition: {x: 0.0018300023, y: 0, z: -0.0018799999}
  m_LocalScale: {x: 0.7469551, y: 0.74695504, z: 0.74695504}
  m_Children: []
  m_Father: {fileID: 4775093115113028}
  m_RootOrder: 2
  m_LocalEulerAnglesHint: {x: -20.418001, y: 0, z: 0}
--- !u!4 &4374546374283960
Transform:
  m_ObjectHideFlags: 1
  m_CorrespondingSourceObject: {fileID: 0}
  m_PrefabInternal: {fileID: 100100000}
  m_GameObject: {fileID: 1157187175103710}
  m_LocalRotation: {x: -0.17724162, y: -0, z: -0, w: 0.9841674}
  m_LocalPosition: {x: -0.00010999781, y: 0, z: -0.0018799999}
  m_LocalScale: {x: 0.7469551, y: 0.74695504, z: 0.74695504}
  m_Children: []
  m_Father: {fileID: 4775093115113028}
  m_RootOrder: 1
  m_LocalEulerAnglesHint: {x: -20.418001, y: 0, z: 0}
--- !u!4 &4775093115113028
Transform:
  m_ObjectHideFlags: 1
  m_CorrespondingSourceObject: {fileID: 0}
  m_PrefabInternal: {fileID: 100100000}
  m_GameObject: {fileID: 1396368438814512}
  m_LocalRotation: {x: -0, y: -0, z: -0, w: 1}
  m_LocalPosition: {x: -559.1, y: 267, z: 0}
  m_LocalScale: {x: 13172.788, y: 13172.787, z: 13172.79}
  m_Children:
  - {fileID: 4157244543502082}
  - {fileID: 4374546374283960}
  - {fileID: 4268526109497128}
  m_Father: {fileID: 0}
  m_RootOrder: 0
  m_LocalEulerAnglesHint: {x: 0, y: 0, z: 0}
--- !u!23 &23157532710692398
MeshRenderer:
  m_ObjectHideFlags: 1
  m_CorrespondingSourceObject: {fileID: 0}
  m_PrefabInternal: {fileID: 100100000}
  m_GameObject: {fileID: 1310677888044270}
  m_Enabled: 1
  m_CastShadows: 1
  m_ReceiveShadows: 1
  m_DynamicOccludee: 1
  m_MotionVectors: 1
  m_LightProbeUsage: 1
  m_ReflectionProbeUsage: 1
  m_RenderingLayerMask: 4294967295
  m_Materials:
  - {fileID: 2100000, guid: 39ada4ec8afb64d42a58879a877284b6, type: 2}
  m_StaticBatchInfo:
    firstSubMesh: 0
    subMeshCount: 0
  m_StaticBatchRoot: {fileID: 0}
  m_ProbeAnchor: {fileID: 0}
  m_LightProbeVolumeOverride: {fileID: 0}
  m_ScaleInLightmap: 1
  m_PreserveUVs: 0
  m_IgnoreNormalsForChartDetection: 0
  m_ImportantGI: 0
  m_StitchLightmapSeams: 0
  m_SelectedEditorRenderState: 3
  m_MinimumChartSize: 4
  m_AutoUVMaxDistance: 0.5
  m_AutoUVMaxAngle: 89
  m_LightmapParameters: {fileID: 0}
  m_SortingLayerID: 0
  m_SortingLayer: 0
  m_SortingOrder: 0
--- !u!23 &23699425926879224
MeshRenderer:
  m_ObjectHideFlags: 1
  m_CorrespondingSourceObject: {fileID: 0}
  m_PrefabInternal: {fileID: 100100000}
  m_GameObject: {fileID: 1435238101177150}
  m_Enabled: 1
  m_CastShadows: 1
  m_ReceiveShadows: 1
  m_DynamicOccludee: 1
  m_MotionVectors: 1
  m_LightProbeUsage: 1
  m_ReflectionProbeUsage: 1
  m_RenderingLayerMask: 4294967295
  m_Materials:
  - {fileID: 2100000, guid: 39ada4ec8afb64d42a58879a877284b6, type: 2}
  m_StaticBatchInfo:
    firstSubMesh: 0
    subMeshCount: 0
  m_StaticBatchRoot: {fileID: 0}
  m_ProbeAnchor: {fileID: 0}
  m_LightProbeVolumeOverride: {fileID: 0}
  m_ScaleInLightmap: 1
  m_PreserveUVs: 0
  m_IgnoreNormalsForChartDetection: 0
  m_ImportantGI: 0
  m_StitchLightmapSeams: 0
  m_SelectedEditorRenderState: 3
  m_MinimumChartSize: 4
  m_AutoUVMaxDistance: 0.5
  m_AutoUVMaxAngle: 89
  m_LightmapParameters: {fileID: 0}
  m_SortingLayerID: 0
  m_SortingLayer: 0
  m_SortingOrder: 0
--- !u!23 &23763526317679548
MeshRenderer:
  m_ObjectHideFlags: 1
  m_CorrespondingSourceObject: {fileID: 0}
  m_PrefabInternal: {fileID: 100100000}
  m_GameObject: {fileID: 1157187175103710}
  m_Enabled: 1
  m_CastShadows: 1
  m_ReceiveShadows: 1
  m_DynamicOccludee: 1
  m_MotionVectors: 1
  m_LightProbeUsage: 1
  m_ReflectionProbeUsage: 1
  m_RenderingLayerMask: 4294967295
  m_Materials:
  - {fileID: 2100000, guid: 39ada4ec8afb64d42a58879a877284b6, type: 2}
  m_StaticBatchInfo:
    firstSubMesh: 0
    subMeshCount: 0
  m_StaticBatchRoot: {fileID: 0}
  m_ProbeAnchor: {fileID: 0}
  m_LightProbeVolumeOverride: {fileID: 0}
  m_ScaleInLightmap: 1
  m_PreserveUVs: 0
  m_IgnoreNormalsForChartDetection: 0
  m_ImportantGI: 0
  m_StitchLightmapSeams: 0
  m_SelectedEditorRenderState: 3
  m_MinimumChartSize: 4
  m_AutoUVMaxDistance: 0.5
  m_AutoUVMaxAngle: 89
  m_LightmapParameters: {fileID: 0}
  m_SortingLayerID: 0
  m_SortingLayer: 0
  m_SortingOrder: 0
--- !u!33 &33127494053424866
MeshFilter:
  m_ObjectHideFlags: 1
  m_CorrespondingSourceObject: {fileID: 0}
  m_PrefabInternal: {fileID: 100100000}
  m_GameObject: {fileID: 1157187175103710}
  m_Mesh: {fileID: 4300000, guid: b47a9e8028f3b3b41beb6a2d35e466d2, type: 3}
--- !u!33 &33389542389236446
MeshFilter:
  m_ObjectHideFlags: 1
  m_CorrespondingSourceObject: {fileID: 0}
  m_PrefabInternal: {fileID: 100100000}
  m_GameObject: {fileID: 1310677888044270}
  m_Mesh: {fileID: 4300000, guid: b47a9e8028f3b3b41beb6a2d35e466d2, type: 3}
--- !u!33 &33833010832566062
MeshFilter:
  m_ObjectHideFlags: 1
  m_CorrespondingSourceObject: {fileID: 0}
  m_PrefabInternal: {fileID: 100100000}
  m_GameObject: {fileID: 1435238101177150}
  m_Mesh: {fileID: 4300000, guid: b47a9e8028f3b3b41beb6a2d35e466d2, type: 3}
--- !u!65 &65149221819739674
BoxCollider:
  m_ObjectHideFlags: 1
  m_CorrespondingSourceObject: {fileID: 0}
  m_PrefabInternal: {fileID: 100100000}
  m_GameObject: {fileID: 1396368438814512}
  m_Material: {fileID: 0}
  m_IsTrigger: 1
  m_Enabled: 1
  serializedVersion: 2
  m_Size: {x: 0.006541088, y: 0.0022290382, z: 0.0054355925}
  m_Center: {x: -0.0002798567, y: 0.0007243752, z: 0.0003345111}
--- !u!114 &114180495033724104
MonoBehaviour:
  m_ObjectHideFlags: 1
  m_CorrespondingSourceObject: {fileID: 0}
  m_PrefabInternal: {fileID: 100100000}
  m_GameObject: {fileID: 1396368438814512}
  m_Enabled: 1
  m_EditorHideFlags: 0
  m_Script: {fileID: 11500000, guid: 1cff4e03df4b8b846a10aa9bc5b7902e, type: 3}
  m_Name: 
  m_EditorClassIdentifier: 
  speed: 25
  axis: {x: 0, y: 1, z: 0}
